% This happens to be the bibliography from the thesis of Cole Meisenhelder, '15

% To actually cite articles in your document you will use the \cite{}; the first item in each of the entries below is the identifier used to call these articles, i.e. \cite{Meisenhelder}

% Citation information can be obtained from NASA ADS. After you click on the abstract, select Export Citation, and use the BibTex format.


%% Saved with string encoding Unicode (UTF-8) 
